735 1277
158 92 192 110 102
282 87 486 107 EXANTHEMATA
500 87 573 107 VIVA‘.

204 131 253 150 Hinc
258 132 341 151 constare
347 132 427 155 videtur,
434 132 502 151 Febres
510 132 601 156 ejusmodi
609 132 688 151 exAm·

155 156 180 198 fis
192 157 278 180 excitari,
291 160 312 175 ut
322 163 361 180 quie
368 157 504 176 medicamentis
513 157 636 181 appropriatis
646 157 687 181 pel-

162 183 223 199 untur.

205 206 328 234 Quamobrem
340 206 421 225 Scabies
426 206 443 224 ἀ
455 206 565 229 Dysenteria
579 205 627 229 apud
641 211 685 234 nos,

155 230 222 253 absque
232 231 330 254 contagio,
343 231 389 254 saepe
399 231 479 253 oriatur,
491 236 514 249 ex
522 229 581 248 allatis
590 226 685 258 cognosci-

154 257 195 276 ‘³1¹3
209 255 258 273 illius
270 255 318 273 enim
328 255 418 273 caussam
413 261 432 273 111
444 243 502 273 farina
513 254 610 277 frumenti,
622 255 683 277 hujus-

154 284 190 301 que
202 279 221 297 in
234 279 313 302 potoriis
327 280 427 303 reperimus
440 279 491 298 vasis.
523 279 604 302 Contra,
618 278 683 297 insecta

153 303 234 326 Pestem,
250 304 347 326 Variolas,
360 304 394 323 διο.
410 303 539 328 producentia,
554 303 588 322 effe
602 303 683 326 exotica,

153 333 188 346 nec
200 328 247 351 apud
255 334 300 350 nos,
313 329 345 347 nisi
357 329 388 347 vel
397 328 416 347 in
428 334 506 352 corpore
518 328 593 350 infesto,
606 328 637 346 vei
645 328 683 346 alio

153 352 185 371 fibi
194 356 238 376 apto
251 353 345 371 domicilio
359 353 470 371 incarcerata
482 352 558 371 existere
567 352 626 376 posse,
641 352 682 370 veri

125 388 130 392 ι
153 377 179 395 est
193 377 255 395 simile.
281 377 340 400 Hujus
353 377 403 396 forte
417 378 443 395 rei
457 377 514 395 caussa
528 377 546 395 in
560 377 605 395 coelo
617 376 682 395 nostro

153 401 227 420 duriore
236 402 362 420 Acarorumve
374 402 455 420 molliori
466 405 530 420 natura
541 401 566 420 est
577 401 682 424 quaerenda;

152 426 166 444 fi
174 426 222 444 enim
232 431 255 444 ex
264 426 376 445 craffioribus
388 426 409 444 ad
418 426 511 444 subtiliora
521 426 532 444 s
540 426 599 444 estare
608 426 634 444 fas
644 425 682 443 fue-

152 450 189 472 rit,
203 450 237 469 alia
247 450 312 469 infesta
322 451 369 474 apud
376 456 410 469 nos
420 450 504 474 indigena
512 456 522 468 e
536 456 557 473 e,
570 450 604 468 alia
615 450 684 472 aestate,

153 475 188 493 alia
198 475 276 498 denique
284 480 322 493 non
332 475 364 494 nisi
373 476 391 494 in
399 475 466 493 aedibus
474 475 551 498 nostris,
563 474 594 493 ubi
605 474 643 493 foci
653 480 683 492 ca-

153 500 182 518 lor
191 500 253 518 eadem
266 500 307 522 alit,
320 500 385 523 degere
395 499 520 521 observamus.
533 499 571 517 haec
581 499 683 523 posteriora

154 530 165 542 e
173 524 237 546 terris,
251 524 272 542 ad
284 524 381 542 Meridiem
394 524 449 547 magis
461 524 588 547 vergentibus,
601 523 683 547 profesta

141 546 260 570 'censemus3
278 548 343 567 horum
358 554 404 567 vero
420 548 501 566 omnium
516 554 555 566 non
571 548 633 566 eadem
648 547 684 566 fuit

135 573 253 597 mollities;
271 572 336 591 infesta
348 573 408 601 enim,
427 578 465 596 quae
478 573 500 591 de
515 572 617 591 caiidissixna
631 571 683 590 India

153 598 190 616 huc
200 597 366 620 commigraverint,
376 597 405 615 &¹
401 603 419 615 m
429 597 474 615 hanc
483 600 571 620 cooptata
578 596 690 615 fintcivita:

154 625 203 644 tem,
217 621 373 645 deprehendimus
399 621 448 640 Idem
459 621 507 650 hisce
520 627 593 645 quoque
603 621 684 639 animali·

122 650 125 653 '
154 647 188 665 bus
201 646 279 667 accidit,
293 651 370 669 quorum
385 646 443 670 major
458 643 560 669 frequentia
574 646 628 664 certis
645 646 684 669 qui-

154 670 229 689 busdam
241 670 260 689 in
271 670 318 689 locis
329 674 382 689 antea
394 674 466 694 reperta
476 671 507 692 sit,
520 670 563 688 inde
572 675 618 688 vero
628 670 685 694 longe

154 695 227 718 lateque
239 695 257 718 se
267 695 379 713 diffuderint
384 695 401 713 &
413 695 479 713 tristem
493 694 542 713 suum
556 694 639 712 effeStum
653 700 684 712 ex-

154 719 248 738 seruerint.
274 719 316 738 Alia
323 720 388 738 horum
397 719 443 743 apud
453 725 487 737 nos
497 719 596 737 domestica
605 719 650 737 evas
652 719 685 741 sse,

155 744 247 767 explicare
256 743 315 762 forsan
324 744 393 772 potest:
407 749 439 762 cur
448 744 519 767 quidam
531 747 585 762 antea
593 743 683 767 incogniti

154 768 214 787 morbi
228 769 283 787 certis
292 769 339 787 locis
350 769 386 787 orti
398 768 466 787 fuerint
477 768 494 786 dt
503 768 578 792 vulgati
604 768 652 786 Hinc
663 768 683 787 in

155 793 206 811 illum
215 793 269 811 etiam
278 791 387 811 deducemur
396 792 497 815 tramitem,
509 792 540 811 ubi
548 792 639 811 rationem
646 798 686 811 cer-

155 823 200 836 nere
213 817 287 840 iicebit,
300 823 332 836 cur
345 817 405 836 morbi
420 817 476 840 certi,
492 817 547 835 certis
558 817 601 835 anni
614 820 684 840 tempo-

155 842 216 864 ribus,
228 841 316 865 vigeant?
337 841 456 865 Praeterquam
471 841 531 864 enim,
547 841 597 864 quod
612 841 685 864 plurimi

155 866 215 885 morbi
232 866 343 890 contagiosi,
362 866 433 889 aestate,
453 866 559 884 cunctorum
578 865 685 884 inseaorum

156 890 229 914 optimo
241 890 337 914 trimestri,
352 890 477 909 dominentur:
491 890 550 909 nodus
566 890 644 908 maxime
659 890 686 909 in-

156 916 243 937 tricatus,
259 915 288 938 81,
303 921 326 933 ex
340 915 406 933 horum
423 915 571 933 animalculorum
588 914 686 934 artificiosa

156 939 260 958 oeconomia
270 943 355 962 exortus,
368 939 431 963 qu'am,
446 944 478 963 per
490 939 588 957 mirandam
599 939 686 957 exanthe-

154 967 223 983 maturn
238 964 350 988 analogiam,
366 964 502 988 cognoscimus,
520 964 591 982 dissolvi
608 962 686 982 foa-tanis

154 988 199 1012 poss
201 991 219 1010 t,
232 994 269 1012 quo
279 989 327 1008 enim
336 989 392 1007 modo
401 992 492 1010 mortuum
504 993 570 1012 corpus
580 988 650 1011 semper
658 988 684 1006 sui

154 1012 241 1048 fimffibus
254 1013 385 1032 exanthematis
398 1012 520 1036 efflorescere,
533 1018 568 1037 pro
581 1012 685 1031 diversitate

609 1036 685 1055 circum
