735 1277
119 86 319 110 mmCAMENTA
325 107 327 109 ,
334 77 549 109 GRAVEOLENUA.
554 83 558 122 J
567 95 601 114 ις,

69 140 110 160 quae
118 136 138 155 in
147 135 226 160 cognitis
237 135 326 159 pellendis
338 135 407 154 morbis
415 138 486 154 mutum
498 140 537 154 non
546 135 601 154 omn‘e

69 161 106 179 fert
121 160 218 184 punctum,
235 166 256 178 ea
269 160 342 183 semper·
351 160 443 178 laboravit
456 160 560 184 dogmatum
575 160 601 179 in-

69 185 192 207 certitudine,
203 187 225 203 ut
234 187 293 203 totam
304 187 360 203 artem
368 185 394 203 nil
407 185 439 203 nili
451 189 544 206 errorum,
556 189 601 203 nun-

33 225 36 228 ,
70 215 124 252 guam
135 209 182 228 inter
195 209 212 227 se
221 208 378 228 conciliandorum
390 208 509 232 farraginem,
524 208 601 232 diceres,

82 239 141 256 onec,
154 239 206 252 novo
216 234 252 256 jam
261 234 280 252 in
289 233 364 252 scientia
372 232 456 251 Naturali
466 232 541 252 accenso
549 233 601 251 lumi-

69 264 105 281 ne,
118 258 173 276 etiam
185 258 235 280 haec,
248 261 269 276 ut
279 257 316 276 filia
329 258 377 276 haud
390 258 495 281 illegitima,
507 258 601 276 nonnullis

70 282 119 306 apud
132 288 166 301 nos
177 282 232 301 radiis
245 282 328 301 illustrari
341 282 402 305 coepit.
427 282 465 300 Etfi
474 282 522 300 enim
535 282 558 300 ab
569 282 601 300 illo

70 307 113 333 inde
123 311 218 330 tempore,
231 312 268 330 quo
278 307 296 325 in
305 306 379 325 modum
389 306 452 330 agendi
459 306 601 325 medicamento-

69 337 110 350 rum
120 332 221 355 inquirere,
233 332 278 350 utile
289 331 380 350 duxerunt
394 331 513 356 sapientioreg
524 331 601 354 Medici,

69 356 116 375 nulli
129 359 251 380 pepercerunt
262 361 334 380 operae,
348 356 395 374 adeo
408 360 469 374 tamen
484 355 554 379 ineptas
565 355 582 374 ὄπ
591 361 602 374 a
627 362 629 365 ·

70 386 130 399 rerum
142 384 207 399 natura
216 380 284 400 alienas
295 383 389 399 tentarunt
401 380 452 402 vias,
466 384 486 398 ut
497 380 530 399 nisi
542 380 602 404 superf

70 405 127 423 effent
134 405 236 428 planiores,
249 405 312 429 utique
319 404 448 428 desperandum
457 404 507 423 foret
518 404 540 423 de
549 408 604 423 tanto

69 429 149 448 scientim
159 429 225 448 fulcro.
448 444 451 446 ,

118 481 175 500 Miffis
189 482 250 505 itaque
265 484 348 500 veterum
363 482 431 506 pariter
445 487 466 500 ac
479 482 602 501 recentiorum

70 507 93 525 ab
109 506 230 530 Astrologiae,
247 506 347 530 Signaturae
362 506 380 524 ἀ
393 507 428 530 Spa
441 506 478 524 iriae
495 502 556 524 fabula
572 506 602 524 de-
623 510 625 512 “

69 531 128 554 duffls
141 531 223 553 viribus,
233 536 276 549 -nos
292 530 365 549 modum
381 535 426 554 agen
440 529 445 548 i
461 530 602 548 medicamento-

69 561 110 573 rum
122 560 160 573 non
170 555 262 577 fabulose,
276 554 305 573 sed
316 558 385 573 naturae
398 555 532 573 convenienter
544 554 602 572 deter-

69 579 140 598 minare
151 580 264 597 conabimur.
292 580 353 605 Quum
369 579 417 597 enim
430 579 515 597 omnibus
528 579 546 597 in
558 584 602 597 con-

69 603 115 622 feffo
127 604 157 626 fit,
171 608 213 622 eum
226 604 318 627 praecipue
330 603 349 622 in
363 603 418 622 finem
431 602 498 621 Gustus
513 602 602 621 Olfatkus-

70 633 106 651 que
122 633 190 652 organa
208 628 315 646 animalibus
332 626 603 651 conceffiffeJSapientiffirnum

70 652 188 675 Creatorem,
202 656 233 675 ut,
250 656 335 675 tanquam
350 656 380 670 tot
394 656 437 671 ante
451 652 497 670 ostia
511 652 602 675 custodes,

69 677 210 700 ingerendorum
219 680 301 695 naturam
310 677 445 699 examinarent,
458 682 482 695 ne
491 677 534 700 quid
544 677 602 695 intro-

68 702 172 720 mitteretur
193 701 259 725 hospiti
279 701 372 719 inimicum
387 701 404 719 &
419 701 513 723 noxium,
525 704 602 724 cumque
625 705 627 707 “

48 726 56 732 ”
68 731 104 744 nec
117 726 169 749 plura
181 725 209 744 his
224 726 289 744 addere
303 730 371 749 organa
385 725 512 744 Perfefflffimo
525 723 602 743 Auem-1

67 750 169 774 placuerit,
186 750 225 768 haec
239 750 276 769 duo
292 750 342 768 omni
360 750 437 773 negotio
454 748 543 774 credimus
556 748 603 773 suffi-

67 774 179 793 cientiffirna.
206 775 268 800 Quare
281 774 335 792 etiam
348 774 444 792 indefessus
457 772 533 791 Naturae
547 773 603 791 inter·

67 805 121 822 pres,
141 804 194 822 quem
212 803 247 822 pro
264 798 365 817 solidiffima
383 798 514 816 informatione
530 797 603 822 medica

68 827 157 842 aeternum
166 828 257 846 veneror,
271 823 291 841 C.
302 823 327 841 D.
341 823 415 844 Praeses,
424 822 603 840 Medicamentorum

67 848 117 866 vires
126 848 165 866 solo
174 848 243 871 Sapore
252 848 269 866 ἁ
279 847 346 866 Odore*
355 847 481 872 dijudicandas
490 847 558 870 primus
567 846 603 865 rite

67 872 171 895 intellexit,
183 872 241 890 evicit
251 878 274 890 ac
285 872 357 891 erudito
371 871 444 895 aperuit
455 871 502 889 orbi.

294 906 310 928 §.
337 903 371 923 v1.

99 934 101 936 ’
115 934 143 952 Ut
156 939 203 952 vero
218 933 309 957 duplicem
329 933 470 957 ingerendorum
487 932 601 956 qualitatem,

66 957 151 982 Sapidam
163 963 228 982 nempe
239 958 256 976 ἀ
265 958 376 976 Odoratam:
389 958 413 976 fic
428 957 520 981 duplicem
532 957 551 976 in
563 962 603 975 cor-

66 988 113 1006 pore
119 983 220 1002 machinam
230 982 403 1004 animadvertimus,
417 982 520 1001 Animalem
535 980 604 1005 puta&

67 1007 159 1030 vitalem,
176 1008 225 1027 illam
237 1007 353 1050 Nmosa},
371 1007 418 1025 hanc
434 1006 605 1048 Fibws'm'sqssss

150 1046 153 1050 .
356 1037 369 1054 4
460 1037 463 1041 *
529 1036 534 1042 -
563 1035 605 1048 uer
